<record><leader>00000cas a2200000 a 4500</leader><controlfield tag="001">12147206</controlfield><controlfield tag="008">850612c18729999miuwr ne      0   a0eng c</controlfield><datafield ind1=" " ind2=" " tag="010"><subfield code="a">sn 85033644 </subfield></datafield><datafield ind1=" " ind2=" " tag="040"><subfield code="a">NPU</subfield><subfield code="b">eng</subfield><subfield code="c">NPU</subfield><subfield code="d">NPX</subfield><subfield code="d">NSD</subfield><subfield code="d">MGN</subfield><subfield code="d">MHN</subfield><subfield code="d">OCL</subfield><subfield code="d">OCLCQ</subfield><subfield code="d">OCLCF</subfield><subfield code="d">OCLCO</subfield></datafield><datafield ind1=" " ind2=" " tag="012"><subfield code="m">1</subfield></datafield><datafield ind1="1" ind2=" " tag="022"><subfield code="a">0891-1398</subfield><subfield code="l">0891-1398</subfield><subfield code="2">1</subfield></datafield><datafield ind1=" " ind2=" " tag="032"><subfield code="a">249100</subfield><subfield code="b">USPS</subfield></datafield><datafield ind1=" " ind2=" " tag="037"><subfield code="b">The Homer Index, 122 E. Main St., P.O. Box 236, Homer, MI 49245</subfield></datafield><datafield ind1=" " ind2=" " tag="042"><subfield code="a">pcc</subfield><subfield code="a">nsdp</subfield></datafield><datafield ind1=" " ind2=" " tag="043"><subfield code="a">n-us-mi</subfield></datafield><datafield ind1=" " ind2="4" tag="222"><subfield code="a">The Homer index</subfield></datafield><datafield ind1="0" ind2="4" tag="245"><subfield code="a">The Homer index.</subfield></datafield><datafield ind1=" " ind2=" " tag="260"><subfield code="a">Homer, Mich. :</subfield><subfield code="b">J.H. Wickmire &amp; Co.,</subfield></datafield><datafield ind1=" " ind2=" " tag="300"><subfield code="a">v. ;</subfield><subfield code="c">61 cm.</subfield></datafield><datafield ind1=" " ind2=" " tag="310"><subfield code="a">Weekly</subfield></datafield><datafield ind1="0" ind2=" " tag="362"><subfield code="a">Vol. 1, no. 1 (Jan. 10, 1872)-    ;    -15th yr., no. 52 (Oct. 17, 1946) ; v. 76, no. 1 (Oct. 24, 1946)-v. 121, no. 52 (Dec. 28, 1994) ; Jan. 4, 1995-</subfield></datafield><datafield ind1=" " ind2=" " tag="500"><subfield code="a">Publishers: Lane &amp; Burt, &lt;1873-&gt;; W.A. Lane, &lt;1876-&gt;; Homer Index Co., (Oct. 15, 1986).</subfield></datafield><datafield ind1=" " ind2=" " tag="500"><subfield code="a">Neutral. Cf. Hist. of the press of Mich., 1876.</subfield></datafield><datafield ind1=" " ind2=" " tag="515"><subfield code="a">Issue also called: 54th yr., no. 5 (Jan. 1, 1925).</subfield></datafield><datafield ind1=" " ind2="0" tag="651"><subfield code="a">Homer (Mich.)</subfield><subfield code="v">Newspapers.</subfield></datafield><datafield ind1=" " ind2="0" tag="651"><subfield code="a">Calhoun County (Mich.)</subfield><subfield code="v">Newspapers.</subfield></datafield><datafield ind1=" " ind2="7" tag="655"><subfield code="a">Newspapers.</subfield><subfield code="2">fast</subfield><subfield code="0">(OCoLC)fst01423814</subfield></datafield><datafield ind1=" " ind2="7" tag="651"><subfield code="a">Michigan</subfield><subfield code="z">Calhoun County.</subfield><subfield code="2">fast</subfield><subfield code="0">(OCoLC)fst01214761</subfield></datafield><datafield ind1=" " ind2="7" tag="651"><subfield code="a">Michigan</subfield><subfield code="z">Homer.</subfield><subfield code="2">fast</subfield><subfield code="0">(OCoLC)fst01266915</subfield></datafield><datafield ind1=" " ind2=" " tag="752"><subfield code="a">United States</subfield><subfield code="b">Michigan</subfield><subfield code="c">Calhoun</subfield><subfield code="d">Homer.</subfield></datafield><datafield ind1=" " ind2=" " tag="936"><subfield code="a">Vol. no. 113, no. 43 (Wednesday, Oct. 15, 1986) LIC</subfield></datafield></record>